%% NEWMAN
@inproceedings{newman2000calibration,
  title={Calibration of a Motoman P8 robot based on laser tracking},
  author={Newman, Wyatt S and Birkhimer, Craig E and Horning, Robert J and Wilkey, Ann T},
  booktitle={Robotics and Automation, 2000. Proceedings. ICRA'00. IEEE International Conference on},
  volume={4},
  pages={3597--3602},
  year={2000},
  organization={IEEE}
}

%% DURFEE
@article{durfee1994estimation,
  title={Estimation of force-activation, force-length, and force-velocity properties in isolated, electrically stimulated muscle},
  author={Durfee, William K and Palmer, Karen I},
  journal={IEEE Transactions on Biomedical Engineering},
  volume={41},
  number={3},
  pages={205--216},
  year={1994},
  publisher={IEEE}
}

%% BIGLAND
@article{bigland1954relation,
  title={The relation between force, velocity and integrated electrical activity in human muscles},
  author={Bigland, Brenda and Lippold, OCJ},
  journal={The Journal of physiology},
  volume={123},
  number={1},
  pages={214--224},
  year={1954},
  publisher={Wiley Online Library}
}

%%CROWE
@article{crowe1980simulation,
  title={Simulation studies of contracting skeletal muscles during mechanical stretch},
  author={Crowe, Alan and Van Atteveldt, H and Groothedde, H},
  journal={Journal of biomechanics},
  volume={13},
  number={4},
  pages={333--340},
  year={1980},
  publisher={Elsevier}
}

%% FENG
@article{feng1999surface,
  title={A surface EMG driven musculoskeletal model of the elbow flexion-extension movement in normal subjects and in subjects with spasticity},
  author={Feng, Connie J and Mak, Arthur FT and Koo, Terry KK},
  journal={Journal of Musculoskeletal Research},
  volume={3},
  number={02},
  pages={109--123},
  year={1999},
  publisher={World Scientific}
}

%% MENEGALDO
@article{menegaldo1997modelagem,
  title={Modelagem matem{\'a}tica, simula{\c{c}}{\~a}o e controle artificial da postura em seres humanos},
  author={Menegaldo, Luciano Luporini and others},
  year={1997},
  publisher={[sn]}
}

%% wickiewicz
@article{wickiewicz1984muscle,
  title={Muscle architecture and force-velocity relationships in humans},
  author={Wickiewicz, THOMAS L and Roy, ROLAND R and Powell, PERRY L and Perrine, JAMES J and Edgerton, V REGGIE},
  journal={Journal of Applied Physiology},
  volume={57},
  number={2},
  pages={435--443},
  year={1984}
}

%% GIAT
@article{giat1994simulation,
  title={Simulation of distal tendon transfer of the biceps brachii and the brachialis muscles},
  author={Giat, Yohanan and Mizrahi, Joseph and Levine, William S and Chen, Jigien},
  journal={Journal of biomechanics},
  volume={27},
  number={8},
  pages={1005--1014},
  year={1994},
  publisher={Elsevier}
}

%% SCOTT
@article{SCOTT1991163,
title = "A comparison of three muscle pennation assumptions and their effect on isometric and isotonic force",
journal = "Journal of Biomechanics",
volume = "24",
number = "2",
pages = "163 - 167",
year = "1991",
issn = "0021-9290",
doi = "https://doi.org/10.1016/0021-9290(91)90361-P",
url = "http://www.sciencedirect.com/science/article/pii/002192909190361P",
author = "Stephen H. Scott and David A. Winter",
abstract = "Three different pennation angle assumptions are compared to experimental data from Huijing and Woittiez (Neth. J. Zool. 34, 21–32, 1984) that relate fibre length to angle of pennation changes. The assumptions tested are: (1) neglecting pennation; (2) assuming a fixed pennation; and (3) assuming a constant muscle volume and thickness resulting in pennation angle being dependent on fibre length. Each assumption is compared by transforming fibre force/length and force/velocity characteristics to muscle properties. In general, the fixed pennation assumption provides the worst estimate of muscle force output with a peak error of 0.31 Fo during isometric contractions at small muscle lengths. A better estimate of muscle force output was provided by neglecting pennation entirely. The assumption that the pennation angle changed with fibre length maintained an error of less than 0.05 Fo for most lengths and velocities tested and provided the best estimate of muscle force output."
}

%%EDMAN
@article{edman1976non,
  title={Non-Hyperbolic Force-Velocity Relationship in Single Muscle Fibres 1},
  author={Edman, KAP and Mulieri, LA and Scubon-Mulieri, B},
  journal={Acta Physiologica Scandinavica},
  volume={98},
  number={2},
  pages={143--156},
  year={1976},
  publisher={Wiley Online Library}
}

%% WILKIE
@article{wilkie1949relation,
  title={The relation between force and velocity in human muscle},
  author={Wilkie, DR},
  journal={The Journal of physiology},
  volume={110},
  number={3-4},
  pages={249--280},
  year={1949},
  publisher={Wiley Online Library}
}

%% GULCH
@article{gulch1994force,
  title={Force-velocity relations in human skeletal muscle},
  author={G{\"u}lch, RW},
  journal={International journal of sports medicine},
  volume={15},
  number={S 1},
  pages={S2--S10},
  year={1994},
  publisher={{\copyright} Georg Thieme Verlag Stuttgart{\textperiodcentered} New York}
}

%% LEMAY
@article{lemay1996dynamic,
  title={A dynamic model for simulating movements of the elbow, forearm, and wrist},
  author={Lemay, Michel A and Crago, Patrick E},
  journal={Journal of biomechanics},
  volume={29},
  number={10},
  pages={1319--1330},
  year={1996},
  publisher={Elsevier}
}

%% WICKIEWICZ
@article{wickiewicz1984muscle,
  title={Muscle architecture and force-velocity relationships in humans},
  author={Wickiewicz, THOMAS L and Roy, ROLAND R and Powell, PERRY L and Perrine, JAMES J and Edgerton, V REGGIE},
  journal={Journal of Applied Physiology},
  volume={57},
  number={2},
  pages={435--443},
  year={1984}
}

%% CORKE
@article{corke2007simple,
  title={A simple and systematic approach to assigning Denavit--Hartenberg parameters},
  author={Corke, Peter I},
  journal={IEEE transactions on robotics},
  volume={23},
  number={3},
  pages={590--594},
  year={2007},
  publisher={IEEE}
}

%% WINTERS
@article{winters1985analysis,
  title={Analysis of fundamental human movement patterns through the use of in-depth antagonistic muscle models},
  author={Winters, Jack M and Stark, Lawrence},
  journal={IEEE transactions on biomedical engineering},
  number={10},
  pages={826--839},
  year={1985},
  publisher={IEEE}
}

@inproceedings{winters1985task,
  title={Task-specific second-order movement models are encompassed by a global eighth-order nonlinear musculo-skeletal model},
  author={Winters, JM and Stark, L},
  booktitle={IEEE Proceeding on System, Man, and Cybernetics},
  pages={1111--1115},
  year={1985}
}

@article{winters1987biomechanical,
  title={Biomechanical modeling of muscle-joint systems},
  author={Winters, Jack M and Bagley, Anita M},
  journal={IEEE Engineering in Medicine and Biology Magazine},
  volume={6},
  number={3},
  pages={17--21},
  year={1987},
  publisher={IEEE}
}

@article{winters1988estimated,
  title={Estimated mechanical properties of synergistic muscles involved in movements of a variety of human joints},
  author={Winters, Jack M and Stark, Lawrence},
  journal={Journal of biomechanics},
  volume={21},
  number={12},
  pages={1027--1041},
  year={1988},
  publisher={Elsevier}
}

@article{winters1993effect,
  title={Effect of initial upper-limb alignment on muscle contributions to isometric strength curves},
  author={Winters, Jack M and Kleweno, Douglas G},
  journal={Journal of Biomechanics},
  volume={26},
  number={2},
  pages={143--153},
  year={1993},
  publisher={Elsevier}
}

%% SARILEE
@inproceedings{sarillee2014non,
  title={Non-invasive techniques to assess muscle fatigue using biosensors: A review},
  author={Sarillee, Mohamed and Hariharan, M and Anas, MN and Omar, MI and Aishah, MN and Oung, QW},
  booktitle={Control and System Graduate Research Colloquium (ICSGRC), 2014 IEEE 5th},
  pages={187--192},
  year={2014},
  organization={IEEE}
}

%% BURKE
@article{burke2011motor,
  title={Motor units: anatomy, physiology, and functional organization},
  author={Burke, RE},
  journal={Comprehensive Physiology},
  year={2011},
  publisher={Wiley Online Library}
}


%% STROJNIK
@article{strojnik1995muscle,
  title={Muscle activation level during maximal voluntary effort},
  author={Strojnik, Vojko},
  journal={European journal of applied physiology and occupational physiology},
  volume={72},
  number={1-2},
  pages={144--149},
  year={1995},
  publisher={Springer}
}

%% BRAY
@article{bray2005stochastic,
  title={Stochastic optimisation for high-dimensional tracking in dense range maps},
  author={Bray, Matthieu and Koller-Meier, Esther and M{\"u}ller, Pascal and Schraudolph, Nicol N and Van Gool, Luc},
  journal={IEE Proceedings-Vision, Image and Signal Processing},
  volume={152},
  number={4},
  pages={501--512},
  year={2005},
  publisher={IET}
}

%% KUCH
@inproceedings{kuch1994human,
  title={Human computer interaction via the human hand: a hand model},
  author={Kuch, James J and Huang, Thomas S},
  booktitle={Signals, Systems and Computers, 1994. 1994 Conference Record of the Twenty-Eighth Asilomar Conference on},
  volume={2},
  pages={1252--1256},
  year={1994},
  organization={IEEE}
}


%% ROSEN
@article{rosen1999performances,
  title={Performances of Hill-type and neural network muscle models—toward a myosignal-based exoskeleton},
  author={Rosen, Jacob and Fuchs, Moshe B and Arcan, Mircea},
  journal={Computers and Biomedical Research},
  volume={32},
  number={5},
  pages={415--439},
  year={1999},
  publisher={Elsevier}
}

%% HILL
@article{hill1938heat,
  title={The heat of shortening and the dynamic constants of muscle},
  author={Hill, Archibald Vivian},
  journal={Proc. R. Soc. Lond. B},
  volume={126},
  number={843},
  pages={136--195},
  year={1938},
  publisher={The Royal Society}
}



%% CHALFOUN
@inproceedings{chalfoun2004muscle,
  title={Muscle forces prediction of the human hand and forearm system in highly realistic simulation},
  author={Chalfoun, Joe and Renault, Martin and Younes, Rafic and Ouezdou, Fethi Ben},
  booktitle={Intelligent Robots and Systems, 2004.(IROS 2004). Proceedings. 2004 IEEE/RSJ International Conference on},
  volume={2},
  pages={1293--1298},
  year={2004},
  organization={IEEE}
}

%% AL NOVEL
@article{al2014novel,
  title={Novel Pseudo-Wavelet function for MMG signal extraction during dynamic fatiguing contractions},
  author={Al-Mulla, Mohammed R and Sepulveda, Francisco},
  journal={Sensors},
  volume={14},
  number={6},
  pages={9489--9504},
  year={2014},
  publisher={Multidisciplinary Digital Publishing Institute}
}


%% SILVERS
@article{silvers2011comparison,
  title={Comparison and reproducibility of sEMG during manual muscle testing on land and in water},
  author={Silvers, W Matthew and Dolny, Dennis G},
  journal={Journal of electromyography and kinesiology},
  volume={21},
  number={1},
  pages={95--101},
  year={2011},
  publisher={Elsevier}
}

%% CORKE
@article{corke1996robotics,
  title={A robotics toolbox for MATLAB},
  author={Corke, Peter I and others},
  journal={IEEE Robotics \& Automation Magazine},
  volume={3},
  number={1},
  pages={24--32},
  year={1996},
  publisher={Citeseer}
}

%% ROCHA
@article{rocha2011comparison,
  title={A comparison between the Denavit--Hartenberg and the screw-based methods used in kinematic modeling of robot manipulators},
  author={Rocha, CR and Tonetto, CP and Dias, A},
  journal={Robotics and Computer-Integrated Manufacturing},
  volume={27},
  number={4},
  pages={723--728},
  year={2011},
  publisher={Elsevier}
}

%% CRAIG
@book{craig2005introduction,
  title={Introduction to robotics: mechanics and control},
  author={Craig, John J},
  volume={3},
  year={2005},
  publisher={Pearson/Prentice Hall Upper Saddle River, NJ, USA:}
}

%% FAUSKE	
@article{fauske2009introduction,
  title={An introduction to sketch 3d for pgf and tikz users, 2009},
  author={Fauske, KM},
  journal={Available in $\{$http://www. fauskes. net/nb/introduction-to-sketch$\}$. Last accessed in August},
  year={2009}
}

%% DENAVIT HARTENBERG
@book{hartenberg1964kinematic,
  title={Kinematic synthesis of linkages},
  author={Hartenberg, Richard Scheunemann and Denavit, Jacques},
  year={1964},
  publisher={McGraw-Hill}
}

%% RENAULT
@inproceedings{renault2001dynamic,
  title={Dynamic simulation of hand-forearm system},
  author={Renault, M and Ouezdou, FB},
  booktitle={Robot and Human Interactive Communication, 2001. Proceedings. 10th IEEE International Workshop on},
  pages={20--25},
  year={2001},
  organization={IEEE}
}

%% DU
@inproceedings{du20073d,
  title={3D hand model fitting for virtual keyboard system},
  author={Du, Huan and Charbon, Edoardo},
  booktitle={Applications of Computer Vision, 2007. WACV'07. IEEE Workshop on},
  pages={31--31},
  year={2007},
  organization={IEEE}
}

%% KAPANDJI
@article{kapandji1971physiology,
  title={The Physiology of the Joints, Volume I, Upper Limb.},
  author={Kapandji, IA},
  journal={American Journal of Physical Medicine \& Rehabilitation},
  volume={50},
  number={2},
  pages={96},
  year={1971},
  publisher={LWW}
}


%% LEE
@article{lee1995model,
  title={Model-based analysis of hand posture},
  author={Lee, Jintae and Kunii, Tosiyasu L},
  journal={IEEE Computer Graphics and applications},
  volume={15},
  number={5},
  pages={77--86},
  year={1995},
  publisher={IEEE}
}


%% COBOS
@inproceedings{cobos2008efficient,
  title={Efficient human hand kinematics for manipulation tasks},
  author={Cobos, Salvador and Ferre, Manuel and Uran, MA Sanchez and Ortego, Javier and Pena, Cesar},
  booktitle={Intelligent Robots and Systems, 2008. IROS 2008. IEEE/RSJ International Conference on},
  pages={2246--2251},
  year={2008},
  organization={IEEE}
}


%% PÉREZ
@article{casas1978functional,
  title={Functional anatomy of the apparatus locomotive},
  author={Casas, A P{\'e}rez and Bengoechea, ME},
  journal={Paz Montalvo},
  year={1978}
}


%% LIN
@inproceedings{lin2000modeling,
  title={Modeling the constraints of human hand motion},
  author={Lin, John and Wu, Ying and Huang, Thomas S},
  booktitle={Human Motion, 2000. Proceedings. Workshop on},
  pages={121--126},
  year={2000},
  organization={IEEE}
}


%%ZAJAC
@article{zajac1989muscle,
  title={Muscle and tendon Properties models scaling and application to biomechanics and motor},
  author={Zajac, Felix E},
  journal={Critical reviews in biomedical engineering},
  volume={17},
  number={4},
  pages={359--411},
  year={1989}
}

%%CRAELIUS
@article{
craelius2002,
author = {Craelius,William},
year={2002},
month={Feb 08},
title={The bionic man: Restoring mobility},
journal={Science},
volume={295},
number={5557},
pages={1018-21},
note={Copyright - Copyright American Association for the Advancement of Science Feb 8, 2002; Last updated - 2017-10-31; CODEN - SCIEAS},
abstract={Bionics engineers are making increasingly bold and successful use of their tools to restore mobility to persons with missing or nonfunctional limbs. With crucial help from their pioneering users, they are learning how and where the residual sensorimotor system can be tapped in order to transmit its intents to replacement or reactivated body parts.},
keywords={Technology: Comprehensive Works; Transplants & implants; Prostheses; Biotechnology; Medical research; Computers; Human; User-Computer Interface; Movement; Bionics; Muscles -- physiology; Electronics; Man-Machine Systems; Artificial Limbs; Robotics; Brain -- physiology; Peripheral Nervous System -- physiology; Animal; Electromyography; Miniaturization},
isbn={00368075},
language={English},
url={https://search.proquest.com/docview/213580954?accountid=8113},
}

%% SHIN MMG
@article{shin2016fatigue,
  title={Fatigue analysis of the quadriceps femoris muscle based on mechanomyography},
  author={Shin, Isu and Ahn, Soonjae and Choi, Eunkyoung and Ryu, Jeseong and Park, Sunwoo and Son, Jongsang and Kim, Youngho},
  journal={International Journal of Precision Engineering and Manufacturing},
  volume={17},
  number={4},
  pages={473--478},
  year={2016},
  publisher={Springer}
}


%%STURMAN
@article{sturman1994survey,
  title={A survey of glove-based input},
  author={Sturman, David J and Zeltzer, David},
  journal={IEEE Computer graphics and Applications},
  volume={14},
  number={1},
  pages={30--39},
  year={1994},
  publisher={IEEE}
}

%% WOLPAW BCI COMPARAÇÃO
@article{wolpaw2006bci,
  title={BCI meeting 2005-workshop on signals and recording methods},
  author={Wolpaw, Jonathan R and Loeb, Gerald E and Allison, Brendan Z and Donchin, Emanuel and do Nascimento, O Feix and Heetderks, William J and Nijboer, Femke and Shain, William G and Turner, James N},
  journal={IEEE Transactions on neural systems and rehabilitation engineering},
  volume={14},
  number={2},
  pages={138--141},
  year={2006},
  publisher={IEEE}
}

%% EMGS
@article{de2010aspectos,
  title={Aspectos metodol{\'o}gicos da eletromiografia de superf{\'\i}cie: considera{\c{c}}{\~o}es sobre os sinais e processamentos para estudo da fun{\c{c}}{\~a}o neuromuscular},
  author={de S{\'a} Ferreira, Arthur and Guimar{\~a}es, Fernando Silva and Silva, Julio Guilherme},
  journal={Revista Brasileira de Ci{\^e}ncias do Esporte},
  volume={31},
  number={2},
  pages={11--30},
  year={2010},
  publisher={Col{\'e}gio Brasileiro de Ci{\^e}ncias do Esporte}
}

%% MMG
@article{shinohara1997mechanomyography,
  title={Mechanomyography of the human quadriceps muscle during incremental cycle ergometry},
  author={Shinohara, Minoru and Kouzaki, Motoki and Yoshihisa, Takeshi and Fukunaga, Tetsuo},
  journal={European journal of applied physiology and occupational physiology},
  volume={76},
  number={4},
  pages={314--319},
  year={1997},
  publisher={Springer}
}

%% MMG SHINOHARA 2006
@article{shinohara2006mechanomyography,
  title={Mechanomyography for studying force fluctuations and muscle fatigue},
  author={Shinohara, Minoru and S{\o}gaard, Karen},
  journal={Exercise and sport sciences reviews},
  volume={34},
  number={2},
  pages={59--64},
  year={2006},
  publisher={LWW}
}

%% MMG HEMMERLING
@article{hemmerling2004phonomyography,
  title={Phonomyography and mechanomyography can be used interchangeably to measure neuromuscular block at the adductor pollicis muscle},
  author={Hemmerling, Thomas M and Michaud, Guillaume and Trager, Guillaume and Deschamps, St{\'e}phane and Babin, Denis and Donati, Fran{\c{c}}ois},
  journal={Anesthesia \& Analgesia},
  volume={98},
  number={2},
  pages={377--381},
  year={2004},
  publisher={LWW}
}

%% MMG
@article{vaz1999mecanomiografia,
  title={A mecanomiografia como t{\'e}cnica n{\~a}o-invasiva para o estudo da fun{\c{c}}{\~a}o muscular},
  author={Vaz, Marco Aur{\'e}lio and Herzog, Walter},
  journal={Movimento. Porto Alegre. Vol. 5, n. 10,(1999), p. 15-20.},
  year={1999}
}

%% sEMG SCALISI
@article{scalisi2015inkjet,
  title={Inkjet printed flexible electrodes for surface electromyography},
  author={Scalisi, RG and Paleari, M and Favetto, A and Stoppa, M and Ariano, P and Pandolfi, P and Chiolerio, A},
  journal={Organic electronics},
  volume={18},
  pages={89--94},
  year={2015},
  publisher={Elsevier}
}

%%SEMG CASTELLINI 
@article{castellini2014proceedings,
  title={Proceedings of the first workshop on peripheral machine interfaces: Going beyond traditional surface electromyography},
  author={Castellini, Claudio and Artemiadis, Panagiotis and Wininger, Michael and Ajoudani, Arash and Alimusaj, Merkur and Bicchi, Antonio and Caputo, Barbara and Craelius, William and Dosen, Strahinja and Englehart, Kevin and others},
  journal={Frontiers in neurorobotics},
  volume={8},
  pages={22},
  year={2014},
  publisher={Frontiers}
}

%% RASOULI 2015
@inproceedings{rasouli2015stable,
  title={Stable force-myographic control of a prosthetic hand using incremental learning},
  author={Rasouli, Mahdi and Ghosh, Rohan and Lee, Wang Wei and Thakor, Nitish V and Kukreja, Sunil},
  booktitle={Engineering in Medicine and Biology Society (EMBC), 2015 37th Annual International Conference of the IEEE},
  pages={4828--4831},
  year={2015},
  organization={IEEE}
}

%% DALY 2009
@article{daly2009feasibility,
  title={Feasibility of a new application of noninvasive brain computer interface (BCI): a case study of training for recovery of volitional motor control after stroke},
  author={Daly, Janis J and Cheng, Roger and Rogers, Jean and Litinas, Krisanne and Hrovat, Kenneth and Dohring, Mark},
  journal={Journal of Neurologic Physical Therapy},
  volume={33},
  number={4},
  pages={203--211},
  year={2009},
  publisher={LWW}
}

%% SCHALK BCI
@article{schalk2004bci2000,
  title={BCI2000: a general-purpose brain-computer interface (BCI) system},
  author={Schalk, Gerwin and McFarland, Dennis J and Hinterberger, Thilo and Birbaumer, Niels and Wolpaw, Jonathan R},
  journal={IEEE Transactions on biomedical engineering},
  volume={51},
  number={6},
  pages={1034--1043},
  year={2004},
  publisher={IEEE}
}

%%PATENTE NASA
@misc{lovchik2001compact,
  title={Compact dexterous robotic hand},
  author={Lovchik, Christopher Scott and Diftler, Myron A},
  year={2001},
  month=jun # "~12",
  publisher={Google Patents},
  note={US Patent 6,244,644}
}

%%HOCHBERG 2012
@article{hochberg2012reach,
  title={Reach and grasp by people with tetraplegia using a neurally controlled robotic arm},
  author={Hochberg, Leigh R and Bacher, Daniel and Jarosiewicz, Beata and Masse, Nicolas Y and Simeral, John D and Vogel, Joern and Haddadin, Sami and Liu, Jie and Cash, Sydney S and van der Smagt, Patrick and others},
  journal={Nature},
  volume={485},
  number={7398},
  pages={372},
  year={2012},
  publisher={Nature Publishing Group}
}

%% EMGS
@article{malta2006eletromiografia,
  title={Eletromiografia aplicada aos m{\'u}sculos da mastiga{\c{c}}{\~a}o},
  author={Malta, Juliana and Campolongo, Gabriel Denser and de Barros, Tarley Eloy Pessoa and de Oliveira, Reginaldo Perilo},
  journal={Acta Ortop{\'e}dica Brasileira},
  volume={14},
  number={2},
  pages={106--107},
  year={2006},
  publisher={Sociedade Brasileira de Ortopedia e Traumatologia}
}

%% SCHERER 2007
@article{scherer2007self,
  title={The self-paced Graz brain-computer interface: methods and applications},
  author={Scherer, Reinhold and Schloegl, Alois and Lee, Felix and Bischof, Horst and Jan{\v{s}}a, Janez and Pfurtscheller, Gert},
  journal={Computational intelligence and neuroscience},
  volume={2007},
  year={2007},
  publisher={Hindawi}
}

%%Merletti 2001
@article{merletti2001surface,
  title={Surface electromyography for noninvasive characterization of muscle},
  author={Merletti, R and Rainoldi, A and Farina, D},
  journal={Exercise and sport sciences reviews},
  volume={29},
  number={1},
  pages={20--25},
  year={2001},
  publisher={LWW}
}

%%VIDAL
@article{vidal1973toward,
  title={Toward direct brain-computer communication},
  author={Vidal, Jacques J},
  journal={Annual review of Biophysics and Bioengineering},
  volume={2},
  number={1},
  pages={157--180},
  year={1973},
  publisher={Annual Reviews 4139 El Camino Way, PO Box 10139, Palo Alto, CA 94303-0139, USA}
}

%% MERLETTI 2004
@book{merletti2004electromyography,
  title={Electromyography: physiology, engineering, and non-invasive applications},
  author={Merletti, Roberto and Parker, Philip A},
  volume={11},
  year={2004},
  publisher={John Wiley \& Sons}
}

%% EMG DE PROFUNDIDADE
@article{rodriguez2000eletromiografia,
  title={A eletromiografia na an{\'a}lise da postura},
  author={Rodriguez-A{\~n}ez, Ciro Romelio},
  journal={Kinein, Universidade Federal de Santa Catarina.[Internet]},
  volume={1},
  number={1},
  pages={4--5},
  year={2000}
}

%%Proteses invasivas
@article{gasson2005invasive,
  title={Invasive neural prosthesis for neural signal detection and nerve stimulation},
  author={Gasson, Mark and Hutt, Benjamin and Goodhew, Iain and Kyberd, Peter and Warwick, Kevin},
  journal={International Journal of Adaptive Control and Signal Processing},
  volume={19},
  number={5},
  pages={365--375},
  year={2005},
  publisher={Wiley Online Library}
}

%%FMG
@article{ravindra2014comparative,
  title={A comparative analysis of three non-invasive human-machine interfaces for the disabled},
  author={Ravindra, Vikram and Castellini, Claudio},
  journal={Frontiers in neurorobotics},
  volume={8},
  pages={24},
  year={2014},
  publisher={Frontiers}
}

@article{wininger2008pressure,
  title={Pressure signature of forearm as predictor of grip force},
  author={Wininger, Michael and Kim, Nam-Hun and Craelius, William},
  journal={Journal of rehabilitation research and development},
  volume={45},
  number={6},
  pages={883},
  year={2008},
  publisher={Superintendent of Documents}
}

%%sEMG + Machine lEarnig
@inproceedings{scheme2011improving,
  title={Improving myoelectric pattern recognition positional robustness using advanced training protocols},
  author={Scheme, E and Biron, K and Englehart, K},
  booktitle={Engineering in Medicine and Biology Society, EMBC, 2011 Annual International Conference of the IEEE},
  pages={4828--4831},
  year={2011},
  organization={IEEE}
}

%% MOTIVACIONAL
@article{gustus2012human,
  title={Human hand modelling: kinematics, dynamics, applications},
  author={Gustus, Agneta and Stillfried, Georg and Visser, Judith and J{\"o}rntell, Henrik and van der Smagt, Patrick},
  journal={Biological cybernetics},
  volume={106},
  number={11-12},
  pages={741--755},
  year={2012},
  publisher={Springer}
}

%%Ultrasom
@article{sierra2013realistic,
  title={A realistic implementation of ultrasound imaging as a human-machine interface for upper-limb amputees},
  author={Sierra Gonz{\'a}lez, David and Castellini, Claudio},
  journal={Frontiers in neurorobotics},
  volume={7},
  pages={17},
  year={2013},
  publisher={Frontiers}
}



